@article{Almond_2011,
  doi = {10.1257/jep.25.3.153},
  url = {https://doi.org/10.1257%2Fjep.25.3.153},
  year = {2011},
  month = {aug},
  publisher = {American Economic Association},
  volume = {25},
  number = {3},
  pages = {153--172},
  author = {Douglas Almond and Janet Currie},
  title = {{Killing Me Softly: The Fetal Origins Hypothesis}},
  journal = {Journal of Economic Perspectives},
}


@book{Barrow_2012,
  doi = {10.1093/oxfordhb/9780195393781.013.0011},
  url = {https://doi.org/10.1093%2Foxfordhb%2F9780195393781.013.0011},
  year = {2012},
  month = {nov},
  publisher = {Oxford University Press},
  author = {Lisa Barrow and Diane Whitmore Schanzenbach},
  title = {{Education and the Poor}},
}
